@TechReport{Trawny:2005,
author = {Nikolas Trawny and Stergios I. Roumeliotis},
title = {{Indirect Kalman Filter for 3D Attitude Estimation: A Tutorial for Quaternion Algebra}},
institution = {University of Minnesota Department of Computer Science and Engineering},
year = {2005},
number = {2005-002 Rev. 57},
OPTaddress = {4-192 EE/CS Building, 200 Union St. SE, Minneapolis, MN 55455},
month = {March}
}

@Article{Forster:2017,
author = {Christian Forster and Luca Carlone and Frank Dellaert and Davide Scaramuzza},
title = {{On-Manifold Preintegration for Real-Time Visual-Inertial Odometry}},
journal = {IEEE Transactions on Robotics},
year = {2017},
volume = {33},
number = {1},
pages = {1-19},
month = {February}
}

@InProceedings{Forster:2015,
author = {Christian Forster and Luca Carlone and Frank Dellaert and Davide Scaramuzza},
title = {{IMU Preintegration on Manifold for Efficient Visual-Inertial Maximum-a-Posteriori Estimation}},
booktitle = {Proceedings of the Robotics: Science and Systems (RSS)},
year = {2015},
address = {Sapienza University of Rome},
month = {July}
}

@InProceedings{Eckenhoff:2016,
author = {Kevin Eckenhoff and Patrick Geneva and Guoquan Huang},
title = {{High-Accuracy Preintegration for Visual-Inertial Navigation}},
booktitle = {Proceedings of the Workshop on the Algorithmic Foundations of Robotics (WAFR)},
year = {2016},
address = {San Francisco, CA},
month = {December}
}
